@article{Zadeh-extension,
    title = "Fuzzy sets",
    journal = "Information and Control",
    volume = "8",
    number = "3",
    pages = "338 - 353",
    year = "1965",
    issn = "0019-9958",
    doi = "https://doi.org/10.1016/S0019-9958(65)90241-X",
    url = "http://www.sciencedirect.com/science/article/pii/S001999586590241X",
    author = "L.A. Zadeh"
}

@article{Kloeden,
    author = {Kloeden, Peter},
    year = {1982},
    month = {05},
    pages = {275–296},
    title = {Fuzzy dynamical systems},
    volume = {7},
    journal = {Fuzzy Sets and Systems},
    doi = {10.1016/0165-0114(82)90056-2}
}

@article{topological-entropy,
    author = {Cánovas, Jose and Kupka, Jiri},
    year = {2014},
    month = {12},
    pages = {132–145},
    title = {On the topological entropy on the space of fuzzy numbers},
    volume = {257},
    journal = {Fuzzy Sets and Systems},
    doi = {10.1016/j.fss.2013.05.013}
}

@article{diffusion-equation,
    author = {Jefferson Leite, Moiseis Cecconello and Jackellyne Leite, R. C. Bassanezi},
    year = {2015},
    pages = {132–145},
    title = {On Fuzzy Solutions for Diffusion Equation},
    journal = {Journal of Applied Mathematics},
    doi = {10.1155/2015/874931}
}

@article{Kupka,
    author = {J. Kupka},
    year = {2016},
    pages = {26-39},
    title = {On fuzzifications of discrete dynamical systems},
    journal = {Fuzzy Sets and Systems}
}
